@book{darrell2004hands,
  title={Hands-On Systematic Innovation for Business and Management},
  author={Darrell, Mann},
  year={2007},
  pages="484-499",
  publisher={Clevedon: IFR Press}
}

@online{che76,
	title={The Entity Relationship Model – Toward a Unified View of Data},
	author={Chen, Peter},
	year=1976,
	url = {https://www.dragon1.com/downloads/peter-chen-entity-relationhip-model.pdf}
}

@phdthesis{karukonda,
	title={Entity Relationship Approach to Knowledge Base Systems.},
	author={Karukonda, Sreerama Krishna},
	year=1988,
	url = {https://digitalcommons.lsu.edu/gradschool_disstheses/4575}
}
@book{socknow,
  title={The Social Construction of Reality: A
Treatise in the Sociology of Knowledge.},
  author={Berger, Peter L. AND Luckmann, Thomas},
  year={1966},
  publisher={Anchor Books},
  ISBN={978-0-385-05898-8}
}
@book{voskarides,
	title={Supporting Search Engines with Knowledge and Context.},
	author={Voskarides, Nikos},
	year=2021,
	publisher={Ipskamp Printing, Amsterdam},
	ISBN={978-94-6421-207-5},
	url = {https://arxiv.org/pdf/2102.06762.pdf}
}
@article{KMWM,
	title={From knowledge to wisdom: will wisdom management replace knowledge management?},
	author={Jakubik, Maria AND Müürsepp, Peeter},
	year=2022,
	journal = "European Journal of Management and Business Economics",
    volume = "31",
    number = "3",
	DOI={10.1108/EJMBE-07-2021-0219}
}
@book{KMTP,
	title={Knowledge Management in Theory and Practice.},
	author={Dalkir, Kimiz},
	year=2011,
	edition={2nd edition},
	publisher={The MIT Press, Cambridge}
}
@article{DIKW,
	title={Data, Information, Knowledge, Wisdom (DIKW): A Semiotic Theoretical and Empirical Exploration of the Hierarchy and its Quality Dimension.},
	author={Baškarada, Saša AND Koronios, Andy},
	year=2013,
	journal = "Australasian Journal of Information Systems",
    volume = "18",
    number = "1",
    pages = "7",
	url={https://www.researchgate.net/publication/279942958_Data_Information_Knowledge_Wisdom_DIKW_A_Semiotic_Theoretical_and_Empirical_Exploration_of_the_Hierarchy_and_its_Quality_Dimension}
}
@article{DIKW2,
	title={The wisdom hierarchy: representations of the DIKW hierarchy.},
	author={Rowley, Jennifer},
	year=2007,
	journal = "Journal of Information Science",
    volume = "33",
    number = "2",
    pages = "163-180",
	doi={https://doi.org/10.1177/016555150607070}
}
@article{TRIZ,
	title={TRIZ: Theory of Solving Inventive Problems to support engineering innovation in maritime industry.},
	author={Souchkov, Valeri},
	year=2018,
	journal = "Scientific Journals of the Maritime University of Szczecin",
    volume = "55",
    number = "127",
    pages = "9-19",
	doi={10.17402/297}
}
@manual{TrizManual,
    title={MATRIZ – Level 1 Training Manual},
    year=2019,
    url={https://matriz.org/wp-content/uploads/2019/01/Level-1-Manual-Word.pdf}
}