@book{darrell2004hands,
  title={Hands-On Systematic Innovation for Business and Management},
  author={Darrell, Mann},
  year={2007},
  publisher={Clevedon: IFR Press}
}

@online{apqc,
	title={APQC Process Classification Framework (PCF)},
	author={APQC},
	year=2019,
	url = {https://www.apqc.org/resource-library/resource-listing/130-develop-and-manage-business-capabilities-definitions-and-0}
}

@book{koltze,
	title={Systematische Innovation Triz-Anwendungen in der Produkt- und Prozessentwicklung},
	author={Koltze, Karl AND Souchkov, Valerie},
	year=2017,
	publisher={Carl Hanser Verlag MÃ¼nchen}
}
